%=========================================================================
% SM 11/2016
% Mid Term Report IISER Thiruvananthapuram
% Note: One needs to modify the journal entries by hand to avoid
% undefined control sequence errors.
%=========================================================================

@ARTICLE{Lundgren2014,
   author = {{Lundgren}, A. and {O'Shaughnessy}, R.},
    title = "{Single-spin precessing gravitational waveform in closed form}",
  journal = "{Phys. Rev. D}",
archivePrefix = "arXiv",
   eprint = {1304.3332},
 primaryClass = "gr-qc",
 keywords = {Wave generation and sources},
     year = 2014,
    month = feb,
   volume = 89,
   number = 4,
      eid = {044021},
    pages = {044021},
      doi = {10.1103/PhysRevD.89.044021},
   adsurl = {http://adsabs.harvard.edu/abs/2014PhRvD..89d4021L},
  adsnote = {Provided by the SAO/NASA Astrophysics Data System}
}

@ARTICLE{Apostolatos1994,
   author = {{Apostolatos}, T.~A. and {Cutler}, C. and {Sussman}, G.~J. and 
  {Thorne}, K.~S.},
    title = "{Spin-induced orbital precession and its modulation of the gravitational waveforms from merging binaries}",
  journal = "{Phys. Rev. D}",
 keywords = {Gravitational wave detectors and experiments, Wave generation and sources, Neutron stars, Astrometric and interferometric binaries},
     year = 1994,
    month = jun,
   volume = 49,
    pages = {6274-6297},
      doi = {10.1103/PhysRevD.49.6274},
   adsurl = {http://adsabs.harvard.edu/abs/1994PhRvD..49.6274A},
  adsnote = {Provided by the SAO/NASA Astrophysics Data System}
}

@INPROCEEDINGS{Apostolatos1996,
   author = {{Apostolatos}, T.~A.},
    title = "{Modulation of Gravitational Waveforms from Merging Binaries Caused by Spin-Induced Orbital Precession}",
booktitle = {Proceedings of the Seventh Marcel Grossman Meeting on recent developments in theoretical and experimental general relativity, gravitation, and relativistic field theories},
     year = 1996,
   editor = {{Jantzen}, R.~T. and {Mac Keiser}, G. and {Ruffini}, R.},
    pages = {1075},
   adsurl = {http://adsabs.harvard.edu/abs/1996magr.meet.1075A},
  adsnote = {Provided by the SAO/NASA Astrophysics Data System}
}

@ARTICLE{Event_2,
   author = {{Abbott}, B.~P. and {Abbott}, R. and {Abbott}, T.~D. and {Abernathy}, M.~R. and 
  {Acernese}, F. and {Ackley}, K. and {Adams}, C. and {Adams}, T. and 
  {Addesso}, P. and {Adhikari}, R.~X. and et al.},
    title = "{GW151226: Observation of Gravitational Waves from a 22-Solar-Mass Binary Black Hole Coalescence}",
  journal = {Physical Review Letters},
archivePrefix = "arXiv",
   eprint = {1606.04855},
 primaryClass = "gr-qc",
     year = 2016,
    month = jun,
   volume = 116,
   number = 24,
      eid = {241103},
    pages = {241103},
      doi = {10.1103/PhysRevLett.116.241103},
   adsurl = {http://adsabs.harvard.edu/abs/2016PhRvL.116x1103A},
  adsnote = {Provided by the SAO/NASA Astrophysics Data System}
}

@ARTICLE{NSBH_upperlims,
   author = {{The LIGO Scientific Collaboration} and {the Virgo Collaboration} and 
  {Abbott}, B.~P. and {Abbott}, R. and {Abbott}, T.~D. and {Abernathy}, M.~R. and 
  {Acernese}, F. and {Ackley}, K. and {Adams}, C. and {Adams}, T. and et al.},
    title = "{Upper limits on the rates of binary neutron star and neutron-star--black-hole mergers from Advanced LIGO's first observing run}",
  journal = {ArXiv e-prints},
archivePrefix = "arXiv",
   eprint = {1607.07456},
 primaryClass = "astro-ph.HE",
 keywords = {Astrophysics - High Energy Astrophysical Phenomena, Astrophysics - Cosmology and Nongalactic Astrophysics, General Relativity and Quantum Cosmology},
     year = 2016,
    month = jul,
   adsurl = {http://adsabs.harvard.edu/abs/2016arXiv160707456T},
  adsnote = {Provided by the SAO/NASA Astrophysics Data System}
}

@ARTICLE{Event_0,
   author = {{Abbott}, B.~P. and {Abbott}, R. and {Abbott}, T.~D. and {Abernathy}, M.~R. and 
  {Acernese}, F. and {Ackley}, K. and {Adams}, C. and {Adams}, T. and 
  {Addesso}, P. and {Adhikari}, R.~X. and et al.},
    title = "{Observation of Gravitational Waves from a Binary Black Hole Merger}",
  journal = {Physical Review Letters},
archivePrefix = "arXiv",
   eprint = {1602.03837},
 primaryClass = "gr-qc",
     year = 2016,
    month = feb,
   volume = 116,
   number = 6,
      eid = {061102},
    pages = {061102},
      doi = {10.1103/PhysRevLett.116.061102},
   adsurl = {http://adsabs.harvard.edu/abs/2016PhRvL.116f1102A},
  adsnote = {Provided by the SAO/NASA Astrophysics Data System}
}

@ARTICLE{Virgo,
   author = {{Acernese}, F. and {Agathos}, M. and {Agatsuma}, K. and {Aisa}, D. and 
  {Allemandou}, N. and {Allocca}, A. and {Amarni}, J. and {Astone}, P. and 
  {Balestri}, G. and {Ballardin}, G. and et al.},
    title = "{Advanced Virgo: a second-generation interferometric gravitational wave detector}",
  journal = {Classical and Quantum Gravity},
archivePrefix = "arXiv",
   eprint = {1408.3978},
 primaryClass = "gr-qc",
     year = 2015,
    month = jan,
   volume = 32,
   number = 2,
      eid = {024001},
    pages = {024001},
      doi = {10.1088/0264-9381/32/2/024001},
   adsurl = {http://adsabs.harvard.edu/abs/2015CQGra..32b4001A},
  adsnote = {Provided by the SAO/NASA Astrophysics Data System}
}

@article{KAGRA,
  title = {Interferometer design of the KAGRA gravitational wave detector},
  author = {Aso, Yoichi and Michimura, Yuta and Somiya, Kentaro and Ando, Masaki and Miyakawa, Osamu and Sekiguchi, Takanori and Tatsumi, Daisuke and Yamamoto, Hiroaki},
  collaboration = {The KAGRA Collaboration},
  journal = {Phys. Rev. D},
  volume = {88},
  issue = {4},
  pages = {043007},
  numpages = {15},
  year = {2013},
  month = {Aug},
  publisher = {American Physical Society},
  doi = {10.1103/PhysRevD.88.043007},
  url = {http://link.aps.org/doi/10.1103/PhysRevD.88.043007}
}

@ARTICLE{LIGO_india,
   author = {{Unnikrishnan}, C.~S.},
    title = "{IndIGO and Ligo-India Scope and Plans for Gravitational Wave Research and Precision Metrology in India}",
  journal = {International Journal of Modern Physics D},
archivePrefix = "arXiv",
   eprint = {1510.06059},
 primaryClass = "physics.ins-det",
 keywords = {Gravitational waves, advanced LIGO, LIGO-India, interferometer, gravitational wave detector, Gravitational-wave astrophysics, Gravitational radiation magnetic fields and other observations, Gravitational wave detectors and experiments, Gravitational radiation detectors, mass spectrometers, and other instrumentation and techniques},
     year = 2013,
    month = jan,
   volume = 22,
      eid = {1341010},
    pages = {1341010},
      doi = {10.1142/S0218271813410101},
   adsurl = {http://adsabs.harvard.edu/abs/2013IJMPD..2241010U},
  adsnote = {Provided by the SAO/NASA Astrophysics Data System}
}

@article{Bias_1,
  title = {Parameter estimation for compact binaries with ground-based gravitational-wave observations using the LALInference software library},
  author = {Veitch, J. and Raymond, V. and Farr, B. and Farr, W. and Graff, P. and Vitale, S. and Aylott, B. and Blackburn, K. and Christensen, N. and Coughlin, M. and Del Pozzo, W. and Feroz, F. and Gair, J. and Haster, C.-J. and Kalogera, V. and Littenberg, T. and Mandel, I. and O'Shaughnessy, R. and Pitkin, M. and Rodriguez, C. and R\"over, C. and Sidery, T. and Smith, R. and Van Der Sluys, M. and Vecchio, A. and Vousden, W. and Wade, L.},
  journal = {Phys. Rev. D},
  volume = {91},
  issue = {4},
  pages = {042003},
  numpages = {25},
  year = {2015},
  month = {Feb},
  publisher = {American Physical Society},
  doi = {10.1103/PhysRevD.91.042003},
  url = {http://link.aps.org/doi/10.1103/PhysRevD.91.042003}
}

@ARTICLE{PE_cost,
   author = {{Smith}, R. and {Field}, S.~E. and {Blackburn}, K. and {Haster}, C.-J. and 
  {P{\"u}rrer}, M. and {Raymond}, V. and {Schmidt}, P.},
    title = "{Fast and accurate inference on gravitational waves from precessing compact binaries}",
  journal = {Phys. Rev. D},
archivePrefix = "arXiv",
   eprint = {1604.08253},
 primaryClass = "gr-qc",
     year = 2016,
    month = aug,
   volume = 94,
   number = 4,
      eid = {044031},
    pages = {044031},
      doi = {10.1103/PhysRevD.94.044031},
   adsurl = {http://adsabs.harvard.edu/abs/2016PhRvD..94d4031S},
  adsnote = {Provided by the SAO/NASA Astrophysics Data System}
}

@ARTICLE{Boyle2011,
   author = {{Boyle}, M. and {Owen}, R. and {Pfeiffer}, H.~P.},
    title = "{Geometric approach to the precession of compact binaries}",
  journal = {Phys. Rev. D},
archivePrefix = "arXiv",
   eprint = {1110.2965},
 primaryClass = "gr-qc",
 keywords = {Gravitational waves: theory, Numerical studies of black holes and black-hole binaries, Gravitational wave detectors and experiments, Numerical relativity},
     year = 2011,
    month = dec,
   volume = 84,
   number = 12,
      eid = {124011},
    pages = {124011},
      doi = {10.1103/PhysRevD.84.124011},
   adsurl = {http://adsabs.harvard.edu/abs/2011PhRvD..84l4011B},
  adsnote = {Provided by the SAO/NASA Astrophysics Data System}
}

@ARTICLE{Bias_2,
   author = {{Vallisneri}, M. and {Yunes}, N.},
    title = "{Stealth bias in gravitational-wave parameter estimation}",
  journal = {Phys. Rev. D},
archivePrefix = "arXiv",
   eprint = {1301.2627},
 primaryClass = "gr-qc",
 keywords = {Experimental tests of gravitational theories, Gravitational wave detectors and experiments, Gravitational waves: theory, Modified theories of gravity},
     year = 2013,
    month = may,
   volume = 87,
   number = 10,
      eid = {102002},
    pages = {102002},
      doi = {10.1103/PhysRevD.87.102002},
   adsurl = {http://adsabs.harvard.edu/abs/2013PhRvD..87j2002V},
  adsnote = {Provided by the SAO/NASA Astrophysics Data System}
}


@ARTICLE{Bias_3,
   author = {{Aasi}, J. and {Abadie}, J. and {Abbott}, B.~P. and {Abbott}, R. and 
  {Abbott}, T.~D. and {Abernathy}, M. and {Accadia}, T. and {Acernese}, F. and 
  {Adams}, C. and {Adams}, T. and et al.},
    title = "{Parameter estimation for compact binary coalescence signals with the first generation gravitational-wave detector network}",
  journal = {Phys. Rev. D},
archivePrefix = "arXiv",
   eprint = {1304.1775},
 primaryClass = "gr-qc",
 keywords = {Gravitational wave detectors and experiments, Numerical studies of black holes and black-hole binaries, Gravitational radiation magnetic fields and other observations, Binary and multiple stars},
     year = 2013,
    month = sep,
   volume = 88,
   number = 6,
      eid = {062001},
    pages = {062001},
      doi = {10.1103/PhysRevD.88.062001},
   adsurl = {http://adsabs.harvard.edu/abs/2013PhRvD..88f2001A},
  adsnote = {Provided by the SAO/NASA Astrophysics Data System}
}



@ARTICLE{Brown2012,
   author = {{Brown}, D.~A. and {Harry}, I. and {Lundgren}, A. and {Nitz}, A.~H.
  },
    title = "{Detecting binary neutron star systems with spin in advanced gravitational-wave detectors}",
  journal = {Phys. Rev. D},
archivePrefix = "arXiv",
   eprint = {1207.6406},
 primaryClass = "gr-qc",
 keywords = {Wave generation and sources},
     year = 2012,
    month = oct,
   volume = 86,
   number = 8,
      eid = {084017},
    pages = {084017},
      doi = {10.1103/PhysRevD.86.084017},
   adsurl = {http://adsabs.harvard.edu/abs/2012PhRvD..86h4017B},
  adsnote = {Provided by the SAO/NASA Astrophysics Data System}
}

@article{Kramer,
  author={M Kramer and N Wex},
  title={The double pulsar system: a unique laboratory for gravity},
  journal={Classical and Quantum Gravity},
  volume={26},
  number={7},
  pages={073001},
  url={http://stacks.iop.org/0264-9381/26/i=7/a=073001},
  year={2009},
  abstract={The PSR J0737â3039 is a double neutron star system in which both stars are detectable as active radio pulsars. The pair, consisting of an old, mildly recycled 23-ms pulsar and a young 2.8-s pulsar, orbit the common centre of mass in a slightly eccentric, compact orbit with a short orbital period of 147 min. The combination of system parameters makes this binary pulsar the most relativistic binary pulsar known and allows unique tests of general relativity and alternative theories of gravity. Hence, we summarize the importance of the system for such tests, and pay attention, for instance, to the observed measurement of relativistic spin precession which confirms the 'effacement' property of a spinning body. We also present a method to use measurements of the absolute position angle of the linearly polarized radio emission of the pulsars to measure the rate of the relativistic spin precession. We demonstrate how spinâorbit coupling will eventually allow us to determine the moment-of-inertia of pulsar A, and provide a general outlook into the prospects of future observations of the double pulsar.}
}

@book{Creighton,
      author         = "Creighton, Jolien D. E. and Anderson, Warren G.",
      title          = "{Gravitational-wave physics and astronomy: An
                        introduction to theory, experiment and data analysis}",
      url            = "http://www.wiley-vch.de/publish/dt/books/ISBN3-527-40886-X",
      journal        = "Weinheim, Germany: Wiley-VCH (2011) 375 p",
      year           = "2011",
      SLACcitation   = "%%CITATION = INSPIRE-944268;%%"
}

