@ARTICLE{Lundgren2014,
   author = {{Lundgren}, A. and {O'Shaughnessy}, R.},
    title = "{Single-spin precessing gravitational waveform in closed form}",
  journal = {\prd},
archivePrefix = "arXiv",
   eprint = {1304.3332},
 primaryClass = "gr-qc",
 keywords = {Wave generation and sources},
     year = 2014,
    month = feb,
   volume = 89,
   number = 4,
      eid = {044021},
    pages = {044021},
      doi = {10.1103/PhysRevD.89.044021},
   adsurl = {http://adsabs.harvard.edu/abs/2014PhRvD..89d4021L},
  adsnote = {Provided by the SAO/NASA Astrophysics Data System}
}

@ARTICLE{Apostolatos1994,
   author = {{Apostolatos}, T.~A. and {Cutler}, C. and {Sussman}, G.~J. and 
	{Thorne}, K.~S.},
    title = "{Spin-induced orbital precession and its modulation of the gravitational waveforms from merging binaries}",
  journal = {\prd},
 keywords = {Gravitational wave detectors and experiments, Wave generation and sources, Neutron stars, Astrometric and interferometric binaries},
     year = 1994,
    month = jun,
   volume = 49,
    pages = {6274-6297},
      doi = {10.1103/PhysRevD.49.6274},
   adsurl = {http://adsabs.harvard.edu/abs/1994PhRvD..49.6274A},
  adsnote = {Provided by the SAO/NASA Astrophysics Data System}
}

@INPROCEEDINGS{Apostolatos1996,
   author = {{Apostolatos}, T.~A.},
    title = "{Modulation of Gravitational Waveforms from Merging Binaries Caused by Spin-Induced Orbital Precession}",
booktitle = {Proceedings of the Seventh Marcel Grossman Meeting on recent developments in theoretical and experimental general relativity, gravitation, and relativistic field theories},
     year = 1996,
   editor = {{Jantzen}, R.~T. and {Mac Keiser}, G. and {Ruffini}, R.},
    pages = {1075},
   adsurl = {http://adsabs.harvard.edu/abs/1996magr.meet.1075A},
  adsnote = {Provided by the SAO/NASA Astrophysics Data System}
}



